% -*- mode: LaTeX; mode: auto-fill; mode: flyspell; coding: koi8-r; -*-
% Chase. Garbage Collection and Other Optimizations, 2000 [en][B].pdf
% A Retrospective on Region-Based Memory Management
@ARTICLE{Tofte04aretrospective,
 author = {Mads Tofte and Lars Birkedal and Martin Elsman and Niels Hallenberg},
 title = {A Retrospective on Region-Based Memory Management},
 journal = {Higher-Order and Symbolic Computation Journal},
 year = {2004},
 volume = {17},
 pages = {245--265}
}

@INPROCEEDINGS{branquart:a,
 AUTHOR = "Paul Branquart and Johan Lewi",
 TITLE = "A Scheme of Storage Allocation and Garbage Collection for Algol 68",
 BOOKTITLE = "ALGOL 68 Implementation'70",
 PAGES = {199-238},
 YEAR = {1970}, 
}

@book{GCJones,
author = {Richard Jones},
title = {Garbage Collection: Algorithms for Automatic Dynamic Memory Management},
month = {July},
year = {1996},
pages = {403},
keywords = {garbage collection},
note = {With a chapter on Distributed Garbage Collection by Rafael Lins. Reprinted 1997 (twice), 1999, 2000.},
doi = {},
url = {http://www.cs.kent.ac.uk/pubs/1996/13},
    ISBN = {0--471--94148--4},
    publisher = {John Wiley and Sons},
}

@Book{ANSI:1966:ANS,
  author =       "{American National Standards Institute} and {Business
                 Equipment Manufacturers Association (U.S.)}",
  title =        "{American National Standard Basic FORTRAN}:
                 {X3.10-1966}",
  publisher =    pub-ANSI,
  address =      pub-ANSI:adr,
  pages =        "32",
  year =         "1966",
  bibdate =      "Sat Jan 27 13:40:57 MST 1996",
  acknowledgement = ack-nhfb,
  annote =       "Approved March 7, 1966. American Natl Std Basic
                 FORTRAN, X3.10-1966, was developed in parallel with
                 American Standard FORTRAN, X3.9-1966, to ensure that
                 Basic FORTRAN was a subset \ldots{}.",
  keywords =     "{Fortran} (Computer program language)",
}

@article{Grossman:2002,
 author = {Grossman, Dan and Morrisett, Greg and Jim, Trevor and Hicks, Michael and Wang, Yanling and Cheney, James},
 title = {Region-based memory management in cyclone},
 journal = {SIGPLAN Not.},
 issue_date = {May 2002},
 volume = {37},
 number = {5},
 month = may,
 year = {2002},
 issn = {0362-1340},
 pages = {282--293},
 numpages = {12},
 url = {http://doi.acm.org/10.1145/543552.512563},
 doi = {10.1145/543552.512563},
 acmid = {512563},
 publisher = {ACM},
 address = {New York, NY, USA},
}
 
@article{Swamy:2006,
 author = {Swamy, Nikhil and Hicks, Michael and Morrisett, Greg and Grossman, Dan and Jim, Trevor},
 title = {Safe manual memory management in cyclone},
 journal = {Sci. Comput. Program.},
 issue_date = {1 October 2006},
 volume = {62},
 number = {2},
 month = oct,
 year = {2006},
 issn = {0167-6423},
 pages = {122--144},
 numpages = {23},
 url = {http://dx.doi.org/10.1016/j.scico.2006.02.003},
 doi = {10.1016/j.scico.2006.02.003},
 acmid = {1163774},
 publisher = {Elsevier North-Holland, Inc.},
 address = {Amsterdam, The Netherlands, The Netherlands},
 keywords = {cyclone, memory management, memory safety, reaps, reference counting, regions, unique pointers},
}
 
@article{Aiken:1995,
 author = {Aiken, Alexander and F\"{a}hndrich, Manuel and Levien, Raph},
 title = {Better static memory management: improving region-based analysis of higher-order languages},
 journal = {SIGPLAN Not.},
 issue_date = {June 1995},
 volume = {30},
 number = {6},
 month = jun,
 year = {1995},
 issn = {0362-1340},
 pages = {174--185},
 numpages = {12},
 url = {http://doi.acm.org/10.1145/223428.207137},
 doi = {10.1145/223428.207137},
 acmid = {207137},
 publisher = {ACM},
 address = {New York, NY, USA},
}

@book{hederman,
  title={Compile Time Garbage Collection Using Reference Count Analysis},
  author={Hederman, L.},
  series={Computer science technical report},
  url={http://books.google.ru/books?id=B\_kiGwAACAAJ},
  year={1988},
  publisher={Rice University, Department of Computer Science},
}

@article{FAaOoLLS,
 author = {Jones, Neil D. and Muchnick, Steven S.},
 title = {Flow analysis and optimization of LISP-like structures},
 booktitle = {Proceedings of the 6th ACM SIGACT-SIGPLAN symposium on Principles of programming languages},
 series = {POPL '79},
 year = {1979},
 location = {San Antonio, Texas},
 pages = {244--256},
 numpages = {13},
 url = {http://doi.acm.org/10.1145/567752.567776},
 doi = {10.1145/567752.567776},
 acmid = {567776},
 publisher = {ACM},
 address = {New York, NY, USA},
}
 
@article{Jones:1976:BTO:800168.811542,
 author = {Jones, Neil D. and Muchnick, Steven S.},
 title = {Binding time optimization in programming languages: Some thoughts toward the design of an ideal language},
 booktitle = {Proceedings of the 3rd ACM SIGACT-SIGPLAN symposium on Principles on programming languages},
 series = {POPL '76},
 year = {1976},
 location = {Atlanta, Georgia},
 pages = {77--94},
 numpages = {18},
 url = {http://doi.acm.org/10.1145/800168.811542},
 doi = {10.1145/800168.811542},
 acmid = {811542},
 publisher = {ACM},
 address = {New York, NY, USA},
}
 
@article{Ruggieri:1988:LAD:73560.73585,
 author = {Ruggieri, C. and Murtagh, T. P.},
 title = {Lifetime analysis of dynamically allocated objects},
 booktitle = {Proceedings of the 15th ACM SIGPLAN-SIGACT symposium on Principles of programming languages},
 series = {POPL '88},
 year = {1988},
 isbn = {0-89791-252-7},
 location = {San Diego, California, United States},
 pages = {285--293},
 numpages = {9},
 url = {http://doi.acm.org/10.1145/73560.73585},
 doi = {10.1145/73560.73585},
 acmid = {73585},
 publisher = {ACM},
 address = {New York, NY, USA},
}
 
@techreport{Steele:1978:RCS:889478,
 author = {Steele,Jr., Guy L.},
 title = {Rabbit: A Compiler for Scheme},
 year = {1978},
 source = {{http://www.ncstrl.org:8900/ncstrl/servlet/search?formname=detail\&id=oai%3Ancstrlh%3Amitai%3AMIT-AILab%2F%2FAITR-474}},
 publisher = {Massachusetts Institute of Technology},
 address = {Cambridge, MA, USA},
}

@article{Clark:1977:ESL:359423.359427,
 author = {Clark, Douglas W. and Green, C. Cordell},
 title = {An empirical study of list structure in Lisp},
 journal = {Commun. ACM},
 issue_date = {Feb. 1977},
 volume = {20},
 number = {2},
 month = feb,
 year = {1977},
 issn = {0001-0782},
 pages = {78--87},
 numpages = {10},
 url = {http://doi.acm.org/10.1145/359423.359427},
 doi = {10.1145/359423.359427},
 acmid = {359427},
 publisher = {ACM},
 address = {New York, NY, USA},
 keywords = {Lisp, Zipf's law, list linearization, list structure measurement, list structure regularity, pointer compression, pointer entropy},
}

@article{Perlis:1958,
 author = {Perlis, A. J. and Samelson, K.},
 title = {Preliminary report: international algebraic language},
 journal = {Commun. ACM},
 issue_date = {Dec. 1958},
 volume = {1},
 number = {12},
 month = dec,
 year = {1958},
 issn = {0001-0782},
 pages = {8--22},
 numpages = {15},
 url = {http://doi.acm.org/10.1145/377924.594925},
 doi = {10.1145/377924.594925},
 acmid = {594925},
 publisher = {ACM},
 address = {New York, NY, USA},
}
 
@MISC{Appel87garbagecollection,
 author = {Andrew W. Appel},
 title = {Garbage Collection Can Be Faster Than Stack Allocation},
 year = {1987}
}

@article{Ross:1967:AFS:363534.363546,
 author = {Ross, Douglas T.},
 title = {The AED free storage package},
 journal = {Commun. ACM},
 issue_date = {Aug. 1967},
 volume = {10},
 number = {8},
 month = aug,
 year = {1967},
 issn = {0001-0782},
 pages = {481--492},
 numpages = {12},
 url = {http://doi.acm.org/10.1145/363534.363546},
 doi = {10.1145/363534.363546},
 acmid = {363546},
 publisher = {ACM},
 address = {New York, NY, USA},
}
 
@Book{ISO:2012:III,
  author =       "{ISO}",
  title =        "{ISO/IEC 14882:2011 Information technology ---
                 Programming languages --- C++}",
  publisher =    pub-ISO,
  address =      pub-ISO:adr,
  pages =        "1338 (est.)",
  day =          "28",
  month =        feb,
  year =         "2012",
  ISBN =         "????",
  ISBN-13 =      "????",
  LCCN =         "????",
  bibdate =      "Mon Dec 19 11:12:12 2011",
  bibsource =    "http://www.math.utah.edu/pub/tex/bib/isostd.bib",
  URL =          "http://www.iso.org/iso/iso_catalogue/catalogue_tc/catalogue_detail.htm?csnumber=50372",
  acknowledgement = ack-nhfb,
  remark =       "Revises ISO/IEC 14882:2003.",
}

@article {SPE:SPE4380200104,
 author = {Hanson, David R.},
 title = {Fast allocation and deallocation of memory based on object lifetimes},
 journal = {Software: Practice and Experience},
 volume = {20},
 number = {1},
 publisher = {John Wiley & Sons, Ltd.},
 issn = {1097-024X},
 url = {http://dx.doi.org/10.1002/spe.4380200104},
 doi = {10.1002/spe.4380200104},
 pages = {5--12},
 keywords = {Storage management, First fit, Quick fit},
 year = {1990},
}

@Unpublished{toftetalpin92,
  author = 	"Mads Tofte and Jean-Pierre Talpin",
  title = 	"Data Region Inference for Polymorphic Functional
                 Languages",
  note =        "Manuscript.",
  year = 	"1992",
  month = 	"July"
}

@inproceedings{Tofte:1994,
 author = {Tofte, Mads and Talpin, Jean-Pierre},
 title = {Implementation of the typed call-by-value \&\#955;-calculus using a stack of regions},
 booktitle = {Proceedings of the 21st ACM SIGPLAN-SIGACT symposium on Principles of programming languages},
 series = {POPL '94},
 year = {1994},
 isbn = {0-89791-636-0},
 location = {Portland, Oregon, United States},
 pages = {188--201},
 numpages = {14},
 url = {http://doi.acm.org/10.1145/174675.177855},
 doi = {10.1145/174675.177855},
 acmid = {177855},
 publisher = {ACM},
 address = {New York, NY, USA},
}
 
% Текст про "локальные хипы на стеках"
@phdthesis{Ruggieri:1987:DMA:914060,
 author = {Ruggieri, Cristina},
 title = {Dynamic memory allocation techniques based on the lifetime of objects},
 year = {1987},
 note = {AAI8807667},
 publisher = {Purdue University},
 address = {West Lafayette, IN, USA},
}
 
@article{Dijkstra:1978:OGC,
 author = {Dijkstra, Edsger W. and Lamport, Leslie and Martin, A. J. and Scholten, C. S. and Steffens, E. F. M.},
 title = {On-the-fly garbage collection: an exercise in cooperation},
 journal = {Commun. ACM},
 issue_date = {Nov. 1978},
 volume = {21},
 number = {11},
 month = nov,
 year = {1978},
 issn = {0001-0782},
 pages = {966--975},
 numpages = {10},
 url = {http://doi.acm.org/10.1145/359642.359655},
 doi = {10.1145/359642.359655},
 acmid = {359655},
 publisher = {ACM},
 address = {New York, NY, USA},
 keywords = {cooperation bet. sequential processes w/ minimized mutual ex, fine-grained interleaving, garbage collection, multiprocessing, program correctness for multiprogramming tasks},
}

@article{Boehm:1988:GCU,
 author = {Boehm, Hans-Juergen and Weiser, Mark},
 title = {Garbage collection in an uncooperative environment},
 journal = {Softw. Pract. Exper.},
 issue_date = {September 1988},
 volume = {18},
 number = {9},
 month = sep,
 year = {1988},
 issn = {0038-0644},
 pages = {807--820},
 numpages = {14},
 url = {http://dx.doi.org/10.1002/spe.4380180902},
 doi = {10.1002/spe.4380180902},
 acmid = {52202},
 publisher = {John Wiley \& Sons, Inc.},
 address = {New York, NY, USA},
}
 
@article{Lieberman:1983:RGC,
 author = {Lieberman, Henry and Hewitt, Carl},
 title = {A real-time garbage collector based on the lifetimes of objects},
 journal = {Commun. ACM},
 issue_date = {June 1983},
 volume = {26},
 number = {6},
 month = jun,
 year = {1983},
 issn = {0001-0782},
 pages = {419--429},
 numpages = {11},
 url = {http://doi.acm.org/10.1145/358141.358147},
 doi = {10.1145/358141.358147},
 acmid = {358147},
 publisher = {ACM},
 address = {New York, NY, USA},
 keywords = {LISP, algorithms, languages, lisp, object-oriented programming, parallel processing, performance, real-time garbage collection, reference counting, virtual memory},
}
 
@article{Ungar:1984:GSN,
 author = {Ungar, David},
 title = {Generation Scavenging: A non-disruptive high performance storage reclamation algorithm},
 journal = {SIGPLAN Not.},
 issue_date = {May 1984},
 volume = {19},
 number = {5},
 month = apr,
 year = {1984},
 issn = {0362-1340},
 pages = {157--167},
 numpages = {11},
 url = {http://doi.acm.org/10.1145/390011.808261},
 doi = {10.1145/390011.808261},
 acmid = {808261},
 publisher = {ACM},
 address = {New York, NY, USA},
 keywords = {Generation, Grabage collection, Personnel computer, Real time, Scavenge, Smalltalk, Virtual memory, Workstation},
}

